% CNN
@misc{cnn,
      title={An Introduction to Convolutional Neural Networks}, 
      author={Keiron O'Shea and Ryan Nash},
      year={2015},
      eprint={1511.08458},
      archivePrefix={arXiv},
      primaryClass={cs.NE},
      url={https://arxiv.org/abs/1511.08458}, 
}

% R-CNN
@misc{rcnn,
      title={Rich feature hierarchies for accurate object detection and semantic segmentation}, 
      author={Ross Girshick and Jeff Donahue and Trevor Darrell and Jitendra Malik},
      year={2014},
      eprint={1311.2524},
      archivePrefix={arXiv},
      primaryClass={cs.CV},
      url={https://arxiv.org/abs/1311.2524}, 
}

% Fast R-CNN
@misc{frcnn,
      title={Fast R-CNN}, 
      author={Ross Girshick},
      year={2015},
      eprint={1504.08083},
      archivePrefix={arXiv},
      primaryClass={cs.CV},
      url={https://arxiv.org/abs/1504.08083}, 
}

% Faster R-CNN
@misc{frrcnn,
      title={Faster R-CNN: Towards Real-Time Object Detection with Region Proposal Networks}, 
      author={Shaoqing Ren and Kaiming He and Ross Girshick and Jian Sun},
      year={2016},
      eprint={1506.01497},
      archivePrefix={arXiv},
      primaryClass={cs.CV},
      url={https://arxiv.org/abs/1506.01497}, 
}

% Mask R-CNN
@misc{mrcnn,
      title={Mask R-CNN}, 
      author={Kaiming He and Georgia Gkioxari and Piotr Dollár and Ross Girshick},
      year={2018},
      eprint={1703.06870},
      archivePrefix={arXiv},
      primaryClass={cs.CV},
      url={https://arxiv.org/abs/1703.06870}, 
}

%  Feature Pyramid Networks for Object Detection
@misc{fpn,
      title={Feature Pyramid Networks for Object Detection}, 
      author={Tsung-Yi Lin and Piotr Dollár and Ross Girshick and Kaiming He and Bharath Hariharan and Serge Belongie},
      year={2017},
      eprint={1612.03144},
      archivePrefix={arXiv},
      primaryClass={cs.CV},
      url={https://arxiv.org/abs/1612.03144}, 
}

% An Image is Worth 16x16 Words: Transformers for Image Recognition at Scale
@misc{visiontr,
      title={An Image is Worth 16x16 Words: Transformers for Image Recognition at Scale}, 
      author={Alexey Dosovitskiy and Lucas Beyer and Alexander Kolesnikov and Dirk Weissenborn and Xiaohua Zhai and Thomas Unterthiner and Mostafa Dehghani and Matthias Minderer and Georg Heigold and Sylvain Gelly and Jakob Uszkoreit and Neil Houlsby},
      year={2021},
      eprint={2010.11929},
      archivePrefix={arXiv},
      primaryClass={cs.CV},
      url={https://arxiv.org/abs/2010.11929}, 
}

% End-to-End Object Detection with Transformers
@misc{e2evisiontr,
      title={End-to-End Object Detection with Transformers}, 
      author={Nicolas Carion and Francisco Massa and Gabriel Synnaeve and Nicolas Usunier and Alexander Kirillov and Sergey Zagoruyko},
      year={2020},
      eprint={2005.12872},
      archivePrefix={arXiv},
      primaryClass={cs.CV},
      url={https://arxiv.org/abs/2005.12872}, 
}


% You Only Look Once: Unified, Real-Time Object Detection
@misc{yolo,
      title={You Only Look Once: Unified, Real-Time Object Detection}, 
      author={Joseph Redmon and Santosh Divvala and Ross Girshick and Ali Farhadi},
      year={2016},
      eprint={1506.02640},
      archivePrefix={arXiv},
      primaryClass={cs.CV},
      url={https://arxiv.org/abs/1506.02640}, 
}

% SSD: Single Shot MultiBox Detector
@inbook{ssd,
   title={SSD: Single Shot MultiBox Detector},
   ISBN={9783319464480},
   ISSN={1611-3349},
   url={http://dx.doi.org/10.1007/978-3-319-46448-0_2},
   DOI={10.1007/978-3-319-46448-0_2},
   booktitle={Computer Vision – ECCV 2016},
   publisher={Springer International Publishing},
   author={Liu, Wei and Anguelov, Dragomir and Erhan, Dumitru and Szegedy, Christian and Reed, Scott and Fu, Cheng-Yang and Berg, Alexander C.},
   year={2016},
   pages={21–37} 
}


% Extended Feature Pyramid Network for Small Object Detection
@misc{efpn,
      title={Extended Feature Pyramid Network for Small Object Detection}, 
      author={Chunfang Deng and Mengmeng Wang and Liang Liu and Yong Liu},
      year={2020},
      eprint={2003.07021},
      archivePrefix={arXiv},
      primaryClass={cs.CV},
      url={https://arxiv.org/abs/2003.07021}, 
}


% Masked-Attention Mask Transformer
@misc{mamt,
      title={Masked-attention Mask Transformer for Universal Image Segmentation}, 
      author={Bowen Cheng and Ishan Misra and Alexander G. Schwing and Alexander Kirillov and Rohit Girdhar},
      year={2022},
      eprint={2112.01527},
      archivePrefix={arXiv},
      primaryClass={cs.CV},
      url={https://arxiv.org/abs/2112.01527}, 
}


% EfficientNet: Rethinking Model Scaling for Convolutional Neural Networks
@misc{efficient,
      title={EfficientNet: Rethinking Model Scaling for Convolutional Neural Networks}, 
      author={Mingxing Tan and Quoc V. Le},
      year={2020},
      eprint={1905.11946},
      archivePrefix={arXiv},
      primaryClass={cs.LG},
      url={https://arxiv.org/abs/1905.11946}, 
}


% metrics
@INPROCEEDINGS{metrics,
  author={Padilla, Rafael and Netto, Sergio L. and da Silva, Eduardo A. B.},
  booktitle={2020 International Conference on Systems, Signals and Image Processing (IWSSIP)}, 
  title={A Survey on Performance Metrics for Object-Detection Algorithms}, 
  year={2020},
  pages={237-242},
  keywords={Measurement;Object detection;Detectors;Interpolation;Tools;Benchmark testing;Standards;object-detection metrics;average precision;object-detection challenges;bounding boxes},
  doi={10.1109/IWSSIP48289.2020.9145130}
}




